@article{loop_closure_img,
      title={A Brief Survey of Loop Closure Detection: A Case for
Rethinking Evaluation of Intelligent Systems}, 
      author={Samer B. Nashed},
      year={2020},
      url={https://ml-retrospectives.github.io/neurips2020/camera_ready/21.pdf}, 
}

@article{seminal_paper,
      author={Leonard, J.J. and Durrant-Whyte, H.F.},
      booktitle={Proceedings IROS '91:IEEE/RSJ International Workshop on Intelligent Robots and Systems '91}, 
      title={Simultaneous map building and localization for an autonomous mobile robot}, 
      year={1991},
      volume={},
      number={},
      pages={1442-1447 vol.3},
      keywords={Mobile robots;Vehicles;Sonar navigation;Robot sensing systems;Stochastic resonance;Sensor phenomena and characterization;Target tracking;Testing;National electric code;Humans},
      doi={10.1109/IROS.1991.174711}}

@article{early_probabilistic_approaches,
      title={Estimating Uncertain Spatial Relationships in Robotics}, 
      author={Randall Smith and Matthew Self and Peter Cheeseman},
      year={2013},
      eprint={1304.3111},
      archivePrefix={arXiv},
      primaryClass={cs.AI},
      url={https://arxiv.org/abs/1304.3111}, 
}

@article{fast_slam,
      title={FastSLAM: A Factored Solution to the Simultaneous Localization and Mapping Problem},
      author={Michael Montemerlo and Sebastian Thrun and Daphne Koller and Ben Wegbreit},
      year={2002},
      url={https://cdn.aaai.org/AAAI/2002/AAAI02-089.pdf}, 
}

@article{monoslam,
      author={Davison, Andrew J. and Reid, Ian D. and Molton, Nicholas D. and Stasse, Olivier},
      journal={IEEE Transactions on Pattern Analysis and Machine Intelligence}, 
      title={MonoSLAM: Real-Time Single Camera SLAM}, 
      year={2007},
      volume={29},
      number={6},
      pages={1052-1067},
      keywords={Cameras;Simultaneous localization and mapping;Robot vision systems;Layout;Mobile robots;Real time systems;Motion measurement;Motion estimation;Robustness;Hardware;Autonomous vehicles;3D/stereo scene analysis;tracking.},
      doi={10.1109/TPAMI.2007.1049}}


@article{orb_slam,
      title={ORB-SLAM: A Versatile and Accurate Monocular SLAM System},
      volume={31},
      ISSN={1941-0468},
      url={http://dx.doi.org/10.1109/TRO.2015.2463671},
      DOI={10.1109/tro.2015.2463671},
      number={5},
      journal={IEEE Transactions on Robotics},
      publisher={Institute of Electrical and Electronics Engineers (IEEE)},
      author={Mur-Artal, Raul and Montiel, J. M. M. and Tardos, Juan D.},
      year={2015},
      month=oct, pages={1147–1163}}




@article{fukushima_disaster,
      author = {Nagatani, Keiji and Kiribayashi, Seiga and Okada, Yoshito and Otake, Kazuki and Yoshida, Kazuya and Tadokoro, Satoshi and Nishimura, Takeshi and Yoshida, Tomoaki and Koyanagi, Eiji and Fukushima, Mineo and Kawatsuma, Shinji},
      year = {2013},
      month = {02},
      pages = {44-63},
      title = {Emergency response to the nuclear accident at the Fukushima Daiichi Nuclear Power Plants using mobile rescue robots},
      volume = {30},
      journal = {Journal of Field Robotics},
      doi = {10.1002/rob.21439}
}


@misc{ekf_slam,
      title={An EKF-SLAM algorithm with consistency properties}, 
      author={Axel Barrau and Silvere Bonnabel},
      year={2016},
      eprint={1510.06263},
      archivePrefix={arXiv},
      primaryClass={cs.RO},
      url={https://arxiv.org/abs/1510.06263}, 
}


@phdthesis{loop_closure_2_img,
author = {Rady, Sherine},
year = {2012},
month = {01},
pages = {},
title = {INFORMATION-THEORETIC ENVIRONMENT MODELING FOR MOBILE ROBOT LOCALIZATION},
doi = {10.13140/RG.2.2.11156.30081}
}


@article{ekf_slam_img,
author = {Hani, Umme and Moin, Lubna},
year = {2021},
month = {12},
pages = {296},
title = {Realtime autonomous navigation in V-Rep based static and dynamic environment using EKF-SLAM},
volume = {10},
journal = {IAES International Journal of Robotics and Automation (IJRA)},
doi = {10.11591/ijra.v10i4.pp296-307}
}


@inproceedings{fast_slam_img,
author = {Kwak, Nosan and Kim, In-Kyu and Lee, Heon-Cheol and Lee, Beom},
year = {2007},
month = {10},
pages = {630 - 635},
title = {Adaptive prior boosting technique for the efficient sample size in FastSLAM},
isbn = {978-1-4244-0912-9},
doi = {10.1109/IROS.2007.4399039}
}


@online{graph_optimization_img,
      author={Steven Gong},
      title={Graph Optimization (Graph-Based SLAM)},
      url={https://stevengong.co/notes/Graph-Optimization},
      keywords={Graph Optimization},
      year={2025}
}

@inproceedings{pose_regression_img,
author = {Ott, Felix and Feigl, Tobias and Löffler, Christoffer and Mutschler, Christopher},
year = {2020},
month = {06},
pages = {},
title = {ViPR: Visual-Odometry-aided Pose Regression for 6DoF Camera Localization},
doi = {10.1109/CVPRW50498.2020.00029}
}


@article{nerf_img,
author = {Liang, Dongtai and Li, Donghui and Yang, Kui and Hu, Wenxue and Chen, Xuwen and Chen, Zhangwei},
year = {2024},
month = {10},
pages = {4250},
title = {Scene Measurement Method Based on Fusion of Image Sequence and Improved LiDAR SLAM},
volume = {13},
journal = {Electronics},
doi = {10.3390/electronics13214250}
}


@misc{deepsdf,
      title={DeepSDF: Learning Continuous Signed Distance Functions for Shape Representation}, 
      author={Jeong Joon Park and Peter Florence and Julian Straub and Richard Newcombe and Steven Lovegrove},
      year={2019},
      eprint={1901.05103},
      archivePrefix={arXiv},
      primaryClass={cs.CV},
      url={https://arxiv.org/abs/1901.05103}, 
}

@inbook{sift,
author = {Lindeberg, Tony},
year = {2012},
month = {05},
pages = {},
title = {Scale Invariant Feature Transform},
volume = {7},
journal = {Scholarpedia},
doi = {10.4249/scholarpedia.10491}
}

@article{surf,
author = {Wang, Yin-Tien and Hung, Duan-Yan and Sun, Chung-Hsun},
year = {2011},
month = {11},
pages = {1823-1837},
title = {Improving Data Association in Robot SLAM with Monocular Vision},
volume = {27},
journal = {Journal of Information Science and Engineering}
}


@misc{superpoint,
      title={SuperPoint: Self-Supervised Interest Point Detection and Description}, 
      author={Daniel DeTone and Tomasz Malisiewicz and Andrew Rabinovich},
      year={2018},
      eprint={1712.07629},
      archivePrefix={arXiv},
      primaryClass={cs.CV},
      url={https://arxiv.org/abs/1712.07629}, 
}

@inproceedings{deepvo,
      title={DeepVO: Towards end-to-end visual odometry with deep Recurrent Convolutional Neural Networks},
      url={http://dx.doi.org/10.1109/ICRA.2017.7989236},
      DOI={10.1109/icra.2017.7989236},
      booktitle={2017 IEEE International Conference on Robotics and Automation (ICRA)},
      publisher={IEEE},
      author={Wang, Sen and Clark, Ronald and Wen, Hongkai and Trigoni, Niki},
      year={2017},
      month=may, pages={2043–2050} }


@misc{mapnet,
      title={Geometry-Aware Learning of Maps for Camera Localization}, 
      author={Samarth Brahmbhatt and Jinwei Gu and Kihwan Kim and James Hays and Jan Kautz},
      year={2018},
      eprint={1712.03342},
      archivePrefix={arXiv},
      primaryClass={cs.CV},
      url={https://arxiv.org/abs/1712.03342}, 
}


@misc{cnnslam,
      title={CNN-SLAM: Real-time dense monocular SLAM with learned depth prediction}, 
      author={Keisuke Tateno and Federico Tombari and Iro Laina and Nassir Navab},
      year={2017},
      eprint={1704.03489},
      archivePrefix={arXiv},
      primaryClass={cs.CV},
      url={https://arxiv.org/abs/1704.03489}, 
}


@misc{codeslam,
      title={CodeSLAM - Learning a Compact, Optimisable Representation for Dense Visual SLAM}, 
      author={Michael Bloesch and Jan Czarnowski and Ronald Clark and Stefan Leutenegger and Andrew J. Davison},
      year={2019},
      eprint={1804.00874},
      archivePrefix={arXiv},
      primaryClass={cs.CV},
      url={https://arxiv.org/abs/1804.00874}, 
}

@misc{nerf_paper,
      title={NeRF: Representing Scenes as Neural Radiance Fields for View Synthesis}, 
      author={Ben Mildenhall and Pratul P. Srinivasan and Matthew Tancik and Jonathan T. Barron and Ravi Ramamoorthi and Ren Ng},
      year={2020},
      eprint={2003.08934},
      archivePrefix={arXiv},
      primaryClass={cs.CV},
      url={https://arxiv.org/abs/2003.08934}, 
}


@misc{inerf,
      title={INeRF: Inverting Neural Radiance Fields for Pose Estimation}, 
      author={Lin Yen-Chen and Pete Florence and Jonathan T. Barron and Alberto Rodriguez and Phillip Isola and Tsung-Yi Lin},
      year={2021},
      eprint={2012.05877},
      archivePrefix={arXiv},
      primaryClass={cs.CV},
      url={https://arxiv.org/abs/2012.05877}, 
}


@misc{nice-slam,
      title={NICE-SLAM: Neural Implicit Scalable Encoding for SLAM}, 
      author={Zihan Zhu and Songyou Peng and Viktor Larsson and Weiwei Xu and Hujun Bao and Zhaopeng Cui and Martin R. Oswald and Marc Pollefeys},
      year={2022},
      eprint={2112.12130},
      archivePrefix={arXiv},
      primaryClass={cs.CV},
      url={https://arxiv.org/abs/2112.12130}, 
}


@misc{isdf,
      title={iSDF: Real-Time Neural Signed Distance Fields for Robot Perception}, 
      author={Joseph Ortiz and Alexander Clegg and Jing Dong and Edgar Sucar and David Novotny and Michael Zollhoefer and Mustafa Mukadam},
      year={2022},
      eprint={2204.02296},
      archivePrefix={arXiv},
      primaryClass={cs.RO},
      url={https://arxiv.org/abs/2204.02296}, 
}


@article{deepfactors,
      title={DeepFactors: Real-Time Probabilistic Dense Monocular SLAM},
      volume={5},
      ISSN={2377-3774},
      url={http://dx.doi.org/10.1109/LRA.2020.2965415},
      DOI={10.1109/lra.2020.2965415},
      number={2},
      journal={IEEE Robotics and Automation Letters},
      publisher={Institute of Electrical and Electronics Engineers (IEEE)},
      author={Czarnowski, Jan and Laidlow, Tristan and Clark, Ronald and Davison, Andrew J.},
      year={2020},
      month=apr, pages={721–728} 
}

@misc{geiger_lib,
      title={LIBVISO2: C++ Library for Visual Odometry 2}, 
      author={Andreas Geiger},
      year={2025},
      url={https://www.cvlibs.net/software/libviso/}, 
}

@article{u-netformer,
      title={UNetFormer: A UNet-like transformer for efficient semantic segmentation of remote sensing urban scene imagery},
      volume={190},
      ISSN={0924-2716},
      url={http://dx.doi.org/10.1016/j.isprsjprs.2022.06.008},
      DOI={10.1016/j.isprsjprs.2022.06.008},
      journal={ISPRS Journal of Photogrammetry and Remote Sensing},
      publisher={Elsevier BV},
      author={Wang, Libo and Li, Rui and Zhang, Ce and Fang, Shenghui and Duan, Chenxi and Meng, Xiaoliang and Atkinson, Peter M.},
      year={2022},
      month=aug, pages={196–214} }


@misc{deeplabv3,
      title={Rethinking Atrous Convolution for Semantic Image Segmentation}, 
      author={Liang-Chieh Chen and George Papandreou and Florian Schroff and Hartwig Adam},
      year={2017},
      eprint={1706.05587},
      archivePrefix={arXiv},
      primaryClass={cs.CV},
      url={https://arxiv.org/abs/1706.05587}, 
}

@misc{mask_r-cnn,
      title={Mask R-CNN}, 
      author={Kaiming He and Georgia Gkioxari and Piotr Dollár and Ross Girshick},
      year={2018},
      eprint={1703.06870},
      archivePrefix={arXiv},
      primaryClass={cs.CV},
      url={https://arxiv.org/abs/1703.06870}, 
}

@misc{shapenet,
      title={ShapeNet: An Information-Rich 3D Model Repository}, 
      author={Angel X. Chang and Thomas Funkhouser and Leonidas Guibas and Pat Hanrahan and Qixing Huang and Zimo Li and Silvio Savarese and Manolis Savva and Shuran Song and Hao Su and Jianxiong Xiao and Li Yi and Fisher Yu},
      year={2015},
      eprint={1512.03012},
      archivePrefix={arXiv},
      primaryClass={cs.GR},
      url={https://arxiv.org/abs/1512.03012}, 
}